@article{ref1,
  author  = {Van Lint, J. H.},
  title   = {Introduction to Coding Theory},
  journal = {Graduate Texts in Mathematics 86 (3rd ed.), 
        Springer Verlag, ISBN 3-540-64133-5},
  year    = {1998}
}

@article{ref2,
  author  = {MacWilliams, F. J.; Sloane, N. J. A. },
  title   = {The Theory of Error-Correcting Codes},
  journal = {New York: North-Holland Publishing, ISBN 0-444-85011-2},
  year    = {1977}
}